@article{r1_面向嵌入式多核系统的缓存调度算法优化,
author = {王鹏,杨国栋},
title = {面向嵌入式多核系统的缓存调度算法优化},
publisher = {吉林大学学报(工学版)},
year = {2024},
journal = {吉林大学学报(工学版)},
volume = {54},
number = {8},
eid = {2282},
numpages = {5},
pages = {2282},
keywords = {;嵌入式多核处理器;通信开销;数据流图;扩大调度策略;缓存调度优化},
url = {http://xuebao.jlu.edu.cn/gxb/CN/abstract/article_15229.shtml},
doi = {10.13229/j.cnki.jdxbgxb.20230340}
}    

