
@article{r10_Cache_Interference-aware_Task ,
Author = {Xiao, Jun and Shen, Yixian and Pimentel, Andy D.},
Title = {Cache Interference-aware Task Partitioning for Non-preemptive Real-time
   Multi-core Systems},
Journal = {ACM TRANSACTIONS ON EMBEDDED COMPUTING SYSTEMS},
Year = {2022},
Volume = {21},
Number = {3},
Month = {MAY},
DOI = {10.1145/3487581},
Article-Number = {28},
ISSN = {1539-9087},
EISSN = {1558-3465},
ORCID-Numbers = {Xiao, Jun/0000-0001-9306-3876
   Pimentel, Andy/0000-0002-2043-4469
   Shen, Yixian/0000-0001-8447-872X},
Unique-ID = {WOS:000827414100008},
}
