
@inproceedings{r11_Cache-aware_Schedulability_Analysis,
Author = {Rashid, Syed Aftab and Awan, Muhammad Ali and Souto, Pedro F. and
   Bletsas, Konstantinos and Tovar, Eduardo},
Editor = {Bolchini, C and Verbauwhede, I and Vatajelu, I},
Title = {Cache-aware Schedulability Analysis of PREM Compliant Tasks},
Booktitle = {PROCEEDINGS OF THE 2022 DESIGN, AUTOMATION \& TEST IN EUROPE CONFERENCE
   \& EXHIBITION (DATE 2022)},
Series = {Design Automation and Test in Europe Conference and Exhibition},
Year = {2022},
Pages = {1269-1274},
Note = {25th Design, Automation and Test in Europe Conference and Exhibition
   (DATE), ELECTR NETWORK, MAR 14-23, 2022},
Organization = {Cadence; CEA; IEEE Council Elect Design Automat; HiPEAC; NANOELEC;
   SIEMENS; Synopsys; European Design \& Automat Assoc; Semi; Elect Syst
   Disign Alliance; ACM, Special Interest Grp Design Automat; Russian Acad
   Sci; IEEE Comp Soc; TTTC; SSCS},
ISSN = {1530-1591},
ISBN = {978-3-9819263-6-1},
ResearcherID-Numbers = {Souto, Pedro/GRJ-5082-2022},
Unique-ID = {WOS:000819484300239},
}
