
@article{r12_worst-fit,
Author = {Dhahbi, Sami and Berrima, Mouhebeddine and Al-Yarimi, Fuad A. M.},
Title = {Load balancing in cloud computing using worst-fit bin-stretching},
Journal = {CLUSTER COMPUTING-THE JOURNAL OF NETWORKS SOFTWARE TOOLS AND
   APPLICATIONS},
Year = {2021},
Volume = {24},
Number = {4},
Pages = {2867-2881},
Month = {DEC},
DOI = {10.1007/s10586-021-03302-7},
EarlyAccessDate = {MAY 2021},
ISSN = {1386-7857},
EISSN = {1573-7543},
ResearcherID-Numbers = {Al Yarimi, Fuad/CAA-2602-2022
   berrima, Mouhebeddine/KRQ-5884-2024
   dhahbi, sami/AFZ-0225-2022
   },
ORCID-Numbers = {dhahbi, sami/0000-0002-0126-2366},
Unique-ID = {WOS:000650832600001},
}
