@ARTICLE{r13_Cache-Aware_Scheduling_on_Heterogeneous_Multicore_Systems,
  author={Sheikh, Saad Zia and Pasha, Muhammad Adeel},
  journal={IEEE Transactions on Parallel and Distributed Systems}, 
  title={Energy-Efficient Cache-Aware Scheduling on Heterogeneous Multicore Systems}, 
  year={2022},
  volume={33},
  number={1},
  pages={206-217},
  keywords={Multicore processing;Task analysis;Optimal scheduling;Energy consumption;Radio spectrum management;Resource management;Scheduling algorithms;Scheduling;multicores;heterogeneous;energy-efficiency},
  doi={10.1109/TPDS.2021.3090587}}
