@INPROCEEDINGS{r14_Cache-aware_task_scheduling,
  author={Teng-Feng Yang and Chung-Hsiang Lin and Chia-Lin Yang},
  booktitle={Proceedings of 2010 International Symposium on VLSI Design, Automation and Test}, 
  title={Cache-aware task scheduling on multi-core architecture}, 
  year={2010},
  volume={},
  number={},
  pages={139-142},
  keywords={Job shop scheduling;Multicore processing;Processor scheduling;Multithreading;Libraries;Computer architecture},
  doi={10.1109/VDAT.2010.5496710}}
