@INPROCEEDINGS{6835955,
  author={Nugteren, Cedric and van den Braak, Gert-Jan and Corporaal, Henk and Bal, Henri},
  booktitle={2014 IEEE 20th International Symposium on High Performance Computer Architecture (HPCA)}, 
  title={A detailed GPU cache model based on reuse distance theory}, 
  year={2014},
  volume={},
  number={},
  pages={37-48},
  keywords={Instruction sets;Graphics processing units;System-on-chip;Kernel;Computer architecture;Data models},
  doi={10.1109/HPCA.2014.6835955}}
