
@article{r16_Cache-Aware_Virtua,
Author = {Hong, Cheol-Ho and Kim, Young-Pil and Yoo, Seehwan and Lee, Chi-Young
   and Yoo, Chuck},
Title = {Cache-Aware Virtual Machine Scheduling on Multi-Core Architecture},
Journal = {IEICE TRANSACTIONS ON INFORMATION AND SYSTEMS},
Year = {2012},
Volume = {E95D},
Number = {10},
Pages = {2377-2392},
Month = {OCT},
DOI = {10.1587/transinf.E95.D.2377},
ISSN = {1745-1361},
ResearcherID-Numbers = {Kim, Youngpil/JNS-6796-2023
   Yoo, Seehwan/R-1489-2019
   },
ORCID-Numbers = {Yoo, Seehwan/0000-0001-5464-4619
   Kim, Youngpil/0000-0002-9154-2336
   Lee, Chiyoung/0000-0001-8375-1034},
Unique-ID = {WOS:000310397700002},
}
