
@article{r18_cache-aware_DAG_scheduling_method,
Author = {Yi, Huixuan and Zhang, Yuanhai and Lin, Zhiyang and Chen, Haoran and
   Gao, Yiyang and Dai, Xiaotian and Zhao, Shuai},
Title = {A cache-aware DAG scheduling method on multicores: Exploiting node
   affinity and deferred executions},
Journal = {JOURNAL OF SYSTEMS ARCHITECTURE},
Year = {2025},
Volume = {161},
Month = {APR},
DOI = {10.1016/j.sysarc.2025.103372},
EarlyAccessDate = {MAR 2025},
Article-Number = {103372},
ISSN = {1383-7621},
EISSN = {1873-6165},
ResearcherID-Numbers = {Dai, Xiaotian/AAE-9820-2020
   shuai, zhao/AAT-3964-2020
   lin, zhiyang/JPK-1734-2023
   Gao, Yiyang/KHT-2584-2024},
Unique-ID = {WOS:001437843300001},
}
