
@article{r2_A_shared_cache-aware_Task_scheduling_strategy,
Author = {Tang, Xiaoyong and Yang, Xiaopan and Liao, Guiping and Zhu, Xinghui},
Title = {A shared cache-aware Task scheduling strategy for multi-core systems},
Journal = {JOURNAL OF INTELLIGENT \& FUZZY SYSTEMS},
Year = {2016},
Volume = {31},
Number = {2, SI},
Pages = {1079-1088},
Note = {11th International Conference on Natural Computation (ICNC) / 12th
   International Conference on Fuzzy Systems and Knowledge Discovery
   (FSKD), Zhangjiajie, PEOPLES R CHINA, AUG 15-17, 2015},
Organization = {IEEE; IEEE Circuits \& Syst Soc; Hunan Univ; Jishou Univ},
DOI = {10.3233/JIFS-169036},
ISSN = {1064-1246},
EISSN = {1875-8967},
ResearcherID-Numbers = {zhu, xing/KIG-6278-2024},
Unique-ID = {WOS:000381842400037},
}
