
@inproceedings{r4_Cache-Aware_Partitioned_Scheduler_for_Hard_Real-Time,
Author = {Shen, Yixian and Xiao, Jun and Pimentel, Andy D.},
Editor = {Grosser, T and Lee, K},
Title = {TCPS: A Task and Cache-Aware Partitioned Scheduler for Hard Real-Time
   Multi-core Systems},
Booktitle = {PROCEEDINGS OF THE 23RD ACM SIGPLAN/SIGBED INTERNATIONAL CONFERENCE ON
   LANGUAGES, COMPILERS, AND TOOLS FOR EMBEDDED SYSTEMS, LCTES 2022},
Year = {2022},
Pages = {37-49},
Note = {23rd International Conference on Languages, Compilers, and Tools for
   Embedded System (LCTES), San Diego, CA, JUN 14-14, 2022},
Organization = {ACM; ACM SIGPLAN; ACM SIGBED},
DOI = {10.1145/3519941.3535067},
ISBN = {978-1-4503-9266-2},
ORCID-Numbers = {Shen, Yixian/0000-0001-8447-872X
   Pimentel, Andy/0000-0002-2043-4469},
Unique-ID = {WOS:001302956500010},
}
