
@article{r5_Fair_scheduling_algorithm ,
Publication-Type = {J},
Type = {Journal Paper},
Title = {Fair scheduling algorithm on multi-core platforms based platforms},
Author = {Liu Jia-hai and Yang Mao-lin},
Journal = {Journal of Zhejiang University},
Month = {Sept.},
Year = {2011},
Volume = {45},
Issue = {9},
Pages = {1566-70},
ISSN = {1008-973X},
Identifying-Codes = {[10.3785/j.issn.1008-973X.2011.09.009]},
Unique-ID = {INSPEC:12917027},
}
