
@article{r6_Miss_Rate_Calculation_of_L2Cache,
Author = {Sabarimuthu, Jasmine Madonna and Venkatesh, T. G.},
Title = {Analytical Miss Rate Calculation of L2 Cache from the RD Profile of L1
   Cache},
Journal = {IEEE TRANSACTIONS ON COMPUTERS},
Year = {2018},
Volume = {67},
Number = {1},
Pages = {9-15},
Month = {JAN},
DOI = {10.1109/TC.2017.2723878},
ISSN = {0018-9340},
EISSN = {1557-9956},
Unique-ID = {WOS:000418130400003},
}
