
@article{r7_Minimizing_cache_usage ,
Author = {Sun, Binqi and Kloda, Tomasz and Garcia, Sergio Arribas and Gracioli,
   Giovani and Caccamo, Marco},
Title = {Minimizing cache usage with fixed-priority and earliest deadline first
   scheduling},
Journal = {REAL-TIME SYSTEMS},
Year = {2024},
Volume = {60},
Number = {4, SI},
Pages = {625-664},
Month = {DEC},
DOI = {10.1007/s11241-024-09423-7},
EarlyAccessDate = {JUN 2024},
ISSN = {0922-6443},
EISSN = {1573-1383},
ResearcherID-Numbers = {Sun, Binqi/KVA-9696-2024
   Gracioli, Giovani/AAC-8466-2019},
Unique-ID = {WOS:001257456700001},
}
