
@inproceedings{r8_Rate-Monotonic_Algorithm,
Author = {Cui, Jin and Lu, Xu and Yu, Guangliang and Yu, Bin},
Editor = {Liu, S and Duan, Z and Liu, A},
Title = {Schedulability Analysis of Rate-Monotonic Algorithm on Concurrent
   Execution of Digraph Real-Time Tasks},
Booktitle = {STRUCTURED OBJECT-ORIENTED FORMAL LANGUAGE AND METHOD, SOFL+MSVL 2022},
Series = {Lecture Notes in Computer Science},
Year = {2023},
Volume = {13854},
Pages = {70-76},
Note = {11th International Workshop on Structured Object-Oriented Formal
   Language (SOFL) / Workshop on Modeling, Simulation and Verification
   Language (MSVL), ELECTR NETWORK, OCT 24, 2022},
Organization = {Hiroshima Univ, Shaoying Liu Res Grp; Xidian Univ, Zhenhua Duan Res Grp},
DOI = {10.1007/978-3-031-29476-1\_6},
ISSN = {0302-9743},
EISSN = {1611-3349},
ISBN = {978-3-031-29475-4; 978-3-031-29476-1},
Unique-ID = {WOS:000999316200006},
}
